@misc{ufpe2023pratica,
  title        = {5a Prática de Laboratório},
  author       = {Saulo O. D. Luiz},
  year         = {2023},
  month        = {nov},
  howpublished = {Universidade Federal de Pernambuco, Departamento de Eletrônica e Sistemas},
  note         = {Curso de EL216 - Circuitos 2, 2o semestre de 2023}
}

@book{boylestad2004introductory,
  author       = {Robert L. Boylestad},
  title        = {Introductory Circuit Analysis},
  publisher    = {Prentice Hall},
  year         = {2010},
  edition      = {12th},
  address      = {Upper Saddle River, NJ},
  isbn         = {9780135060148}
}

@misc{ltspice,
  title        = {LTspice},
  howpublished = {Software de simulação de circuitos eletrônicos},
  organization = {Analog Devices},
  note         = {Disponível em: \url{https://www.analog.com/en/design-center/design-tools-and-calculators/ltspice-simulator.html}. Acesso em: 15 de maio de 2024},
  year         = {2024}
}

@manual{keysight_manual,
  title = {Keysight InfiniiVision Manual do osciloscópio },
  year = {2023},
  url = {https://www.dropbox.com/s/cmvdgjmbbwzqls1/manual},
  note = {Acesso em: 15 de maio de 2024}
}

@book{keysight-u1253b,
  author = {{Keysight Technologies}},
  title = {U1253B True RMS OLED Multimeter: User’s and Service Guide},
  edition = {25},
  address = {Penang, Malásia},
  publisher = {Keysight Technologies},
  month = {oct},
  year = {2023}
}

@book{keysight-u1250,
  author = {{Keysight Technologies}},
  title = {U1250 Series Handheld Digital Multimeters},
  publisher = {Keysight Technologies},
  note = {[s.d.]}
}

@manual{python,
  title = {Python Programming Language},
  author = {{Python Software Foundation}},
  year = {2023},
  url = {https://www.python.org/},
  note = {Acesso em: 15 de maio de 2024}
}

@manual{jupyter,
  title = {Jupyter Notebook},
  author = {{Project Jupyter}},
  year = {2023},
  url = {https://jupyter.org/},
  note = {Acesso em: 15 de maio de 2024}
}



@manual{matplotlib,
  title = {Matplotlib: Visualization with Python},
  author = {{Matplotlib Development Team}},
  year = {2023},
  url = {https://matplotlib.org/},
  note = {Acesso em: 15 de maio de 2024}
}

@manual{sympy,
  title = {SymPy: Python library for symbolic mathematics},
  author = {{SymPy Development Team}},
  year = {2023},
  url = {https://www.sympy.org/},
  note = {Acesso em: 15 de maio de 2024}
}

@manual{numpy,
  title = {NumPy: The fundamental package for scientific computing with Python},
  author = {{NumPy Development Team}},
  year = {2023},
  url = {https://numpy.org/},
  note = {Acesso em: 15 de maio de 2024}
}

@manual{pandas,
  title = {Pandas: Python Data Analysis Library},
  author = {{Pandas Development Team}},
  year = {2023},
  url = {https://pandas.pydata.org/},
  note = {Acesso em: 15 de maio de 2024}
}

@manual{lm324_datasheet,
  title        = {LM324, LM324A, LM324E, LM224, LM2902, LM2902E, LM2902V, NCV2902 Datasheet},
  author       = {ON Semiconductor},
  organization = {ON Semiconductor},
  year         = 2021,
  month        = oct,
  url          = {https://www.onsemi.com/pub/Collateral/LM324-D.PDF},
  note         = {Publication Order Number: LM324/D}
}

@book{kuo1966network,
  author       = {Franklin F. Kuo},
  title        = {Network Analysis and Synthesis},
  pages        = {494--496},
  year         = {1966}
}

@book{nilsson2020eletronica,
  author       = {James W. Nilsson and Susan Riedel},
  title        = {Circuitos Elétricos},
  publisher    = {Pearson},
  year         = {2020},
  edition      = {10th},
  address      = {São Paulo, Brasil},
  isbn         = {9788581434698}
}
